% This file was created with JabRef 2.10.
% Encoding: Cp1252


@InCollection{TAprincipal,
  Title                    = {Template Attacks in Principal Subspaces},
  Author                   = {Archambeau, C. and Peeters, E. and Standaert, F.-X. and Quisquater, J.-J.},
  Booktitle                = {Cryptographic Hardware and Embedded Systems - CHES 2006},
  Publisher                = {Springer Berlin Heidelberg},
  Year                     = {2006},
  Editor                   = {Goubin, Louis and Matsui, Mitsuru},
  Pages                    = {1-14},
  Series                   = {Lecture Notes in Computer Science},
  Volume                   = {4249},

  Doi                      = {10.1007/11894063_1},
  File                     = {:Articles\\TAinPrincipalSubSpaces.pdf:PDF},
  ISBN                     = {978-3-540-46559-1},
  Language                 = {English},
  Owner                    = {EC243758},
  Timestamp                = {2015.01.28},
  Url                      = {http://dx.doi.org/10.1007/11894063_1}
}

@InCollection{effTA_SVM,
  Title                    = {Efficient Template Attacks Based on Probabilistic Multi-class Support Vector Machines},
  Author                   = {Bartkewitz, Timo and Lemke-Rust, Kerstin},
  Booktitle                = {Smart Card Research and Advanced Applications},
  Publisher                = {Springer Berlin Heidelberg},
  Year                     = {2013},
  Editor                   = {Mangard, Stefan},
  Pages                    = {263-276},
  Series                   = {Lecture Notes in Computer Science},
  Volume                   = {7771},

  Doi                      = {10.1007/978-3-642-37288-9_18},
  File                     = {:H\:\\Articles\\efficientTAmulticlassSVM.pdf:PDF},
  ISBN                     = {978-3-642-37287-2},
  Keywords                 = {Power Analysis; Template Attacks; Machine Learning; Support Vector Machines},
  Language                 = {English},
  Owner                    = {EC243758},
  Timestamp                = {2015.02.20},
  Url                      = {http://dx.doi.org/10.1007/978-3-642-37288-9_18}
}

@InCollection{Batina2012,
  Title                    = {Getting More from PCA: First Results of Using Principal Component Analysis for Extensive Power Analysis},
  Author                   = {Batina, Lejla and Hogenboom, Jip and van Woudenberg, JasperG.J.},
  Booktitle                = {Topics in Cryptology CT-RSA 2012},
  Publisher                = {Springer Berlin Heidelberg},
  Year                     = {2012},
  Editor                   = {Dunkelman, Orr},
  Pages                    = {383-397},
  Series                   = {Lecture Notes in Computer Science},
  Volume                   = {7178},

  Doi                      = {10.1007/978-3-642-27954-6_24},
  File                     = {:H\:\\Articles\\gettingMoreFromPCA.pdf:PDF},
  ISBN                     = {978-3-642-27953-9},
  Keywords                 = {Side-channel cryptanalysis; DPA; countermeasures; PCA},
  Language                 = {English},
  Owner                    = {EC243758},
  Timestamp                = {2014.12.16},
  Url                      = {http://dx.doi.org/10.1007/978-3-642-27954-6_24}
}

@Misc{cryptoeprint:2013:305,
  Title                    = {Towards Fresh Re-Keying with Leakage-Resilient PRFs: Cipher Design Principles and Analysis},

  Author                   = {Sonia Belaid and Fabrizio De Santis and Johann Heyszl and Stefan Mangard and Marcel Medwed and Jorn-Marc Schmidt and Francois-Xavier Standaert and Stefan Tillich},
  HowPublished             = {Cryptology ePrint Archive, Report 2013/305},
  Note                     = {\url{http://eprint.iacr.org/}},
  Year                     = {2013},

  File                     = {:Articles\\FreshReKeying.pdf:PDF},
  Owner                    = {EC243758},
  Timestamp                = {2014.11.05},
  Url                      = {http://eprint.iacr.org/2013/305}
}

@InCollection{timeFrequency,
  Title                    = {Time-Frequency Analysis for Second-Order Attacks},
  Author                   = {Belgarric, Pierre and Bhasin, Shivam and Bruneau, Nicolas and Danger, Jean-Luc and Debande, Nicolas and Guilley, Sylvain and Heuser, Annelie and Najm, Zakaria and Rioul, Olivier},
  Booktitle                = {Smart Card Research and Advanced Applications},
  Publisher                = {Springer International Publishing},
  Year                     = {2014},
  Editor                   = {Francillon, Aur\'elien and Rohatgi, Pankaj},
  Pages                    = {108-122},
  Series                   = {Lecture Notes in Computer Science},

  Doi                      = {10.1007/978-3-319-08302-5_8},
  File                     = {:H\:\\Articles\\timefrequency.pdf:PDF},
  ISBN                     = {978-3-319-08301-8},
  Keywords                 = {Bi-variate attacks; Zero-offset 2O-CPA; Discrete Hartley transform; Leakage in phase},
  Language                 = {English},
  Owner                    = {EC243758},
  Timestamp                = {2014.12.16},
  Url                      = {http://dx.doi.org/10.1007/978-3-319-08302-5_8}
}

@Misc{eigenfaces,
  Title                    = {Eigenfaces vs. Fisherfaces: Recognition Using Class Specific Linear Projection},

  Author                   = {Peter N. Belhumeur and João P. Hespanha and David J. Kriegman},
  Year                     = {1997},

  File                     = {:H\:\\Articles\\fisherface.pdf:PDF}
}

@InCollection{blockCiphersEquations,
  Title                    = {Block Ciphers and Systems of Quadratic Equations},
  Author                   = {Biryukov, Alex and De Canni\`ere, Christophe},
  Booktitle                = {Fast Software Encryption},
  Publisher                = {Springer Berlin Heidelberg},
  Year                     = {2003},
  Editor                   = {Johansson, Thomas},
  Pages                    = {274-289},
  Series                   = {Lecture Notes in Computer Science},
  Volume                   = {2887},

  Doi                      = {10.1007/978-3-540-39887-5_21},
  File                     = {:Articles\\Sbox_equationsSystem.pdf:PDF},
  ISBN                     = {978-3-540-20449-7},
  Keywords                 = {Block ciphers; multivariate quadratic equations; linearization; Khazad; Misty; Camellia; Rijndael; Serpent},
  Language                 = {English},
  Owner                    = {EC243758},
  Timestamp                = {2014.10.24},
  Url                      = {http://dx.doi.org/10.1007/978-3-540-39887-5_21}
}

@InCollection{boosting,
  Title                    = {Boosting Higher-Order Correlation Attacks by Dimensionality Reduction},
  Author                   = {Bruneau, Nicolas and Danger, Jean-Luc and Guilley, Sylvain and Heuser, Annelie and Teglia, Yannick},
  Booktitle                = {Security, Privacy, and Applied Cryptography Engineering},
  Publisher                = {Springer International Publishing},
  Year                     = {2014},
  Editor                   = {Chakraborty, RajatSubhra and Matyas, Vashek and Schaumont, Patrick},
  Pages                    = {183-200},
  Series                   = {Lecture Notes in Computer Science},
  Volume                   = {8804},

  Doi                      = {10.1007/978-3-319-12060-7_13},
  File                     = {:Articles\\boostingHOCPA_PCA.pdf:PDF},
  ISBN                     = {978-3-319-12059-1},
  Keywords                 = {Bi-variate attacks; second-order correlation power analysis (2O-CPA); principal component analysis; interclass variance; covariance vector},
  Language                 = {English},
  Owner                    = {EC243758},
  Timestamp                = {2015.01.30},
  Url                      = {http://dx.doi.org/10.1007/978-3-319-12060-7_13}
}

@InCollection{Chari2003,
  Title                    = {Template Attacks},
  Author                   = {Chari, Suresh and Rao, JosyulaR. and Rohatgi, Pankaj},
  Booktitle                = {Cryptographic Hardware and Embedded Systems - CHES 2002},
  Publisher                = {Springer Berlin Heidelberg},
  Year                     = {2003},
  Editor                   = {Kaliski, Burton S. and Koc, Cetin K. and Paar, Christof},
  Pages                    = {13-28},
  Series                   = {Lecture Notes in Computer Science},
  Volume                   = {2523},

  Doi                      = {10.1007/3-540-36400-5_3},
  File                     = {:Articles\\TemplateAttacks.pdf:PDF},
  ISBN                     = {978-3-540-00409-7},
  Language                 = {English},
  Owner                    = {EC243758},
  Timestamp                = {2014.10.24},
  Url                      = {http://dx.doi.org/10.1007/3-540-36400-5_3}
}

@Article{Chen2000,
  Title                    = {A new LDA-based face recognition system which can solve the small sample size problem },
  Author                   = {Li-Fen Chen and Hong-Yuan Mark Liao and Ming-Tat Ko and Ja-Chen Lin and Gwo-Jong Yu},
  Journal                  = {Pattern Recognition },
  Year                     = {2000},
  Number                   = {10},
  Pages                    = {1713 - 1726},
  Volume                   = {33},

  Doi                      = {http://dx.doi.org/10.1016/S0031-3203(99)00139-9},
  File                     = {:H\:\\Articles\\Chen.pdf:PDF},
  ISSN                     = {0031-3203},
  Keywords                 = {Face recognition},
  Owner                    = {EC243758},
  Timestamp                = {2015.06.18},
  Url                      = {http://www.sciencedirect.com/science/article/pii/S0031320399001399}
}

@InProceedings{5992162,
  Title                    = {A Statistical Test for Information Leaks Using Continuous Mutual Information},
  Author                   = {Chothia, T. and Guha, A.},
  Booktitle                = {Computer Security Foundations Symposium (CSF), 2011 IEEE 24th},
  Year                     = {2011},
  Month                    = {June},
  Pages                    = {177-190},

  Doi                      = {10.1109/CSF.2011.19},
  ISSN                     = {1940-1434},
  Keywords                 = {security of data;statistical analysis;continuous mutual information;e-passports;information leak detection;probabilistic system;security faults;statistical methods;statistical test;time-based information leak;Computer security;Continuous Mutual Information;Information Theory;Information leakage;Statistics;e-Passport},
  Owner                    = {EC243758},
  Timestamp                = {2015.01.14}
}

@InProceedings{CMI,
  Title                    = {A Statistical Test for Information Leaks Using Continuous Mutual Information},
  Author                   = {Chothia, T. and Guha, A.},
  Booktitle                = {Computer Security Foundations Symposium (CSF), 2011 IEEE 24th},
  Year                     = {2011},
  Month                    = {June},
  Pages                    = {177-190},

  Doi                      = {10.1109/CSF.2011.19},
  File                     = {:Articles\\CMI.pdf:PDF},
  ISSN                     = {1940-1434},
  Keywords                 = {security of data;statistical analysis;continuous mutual information;e-passports;information leak detection;probabilistic system;security faults;statistical methods;statistical test;time-based information leak;Computer security;Continuous Mutual Information;Information Theory;Information leakage;Statistics;e-Passport},
  Owner                    = {EC243758},
  Timestamp                = {2015.01.14}
}

@InCollection{choudary2014efficient,
  Title                    = {Efficient template attacks},
  Author                   = {Choudary, Omar and Kuhn, Markus G},
  Booktitle                = {Smart Card Research and Advanced Applications},
  Publisher                = {Springer},
  Year                     = {2014},
  Pages                    = {253--270},

  File                     = {:H\:\\Articles\\Choudary2014efficient.pdf:PDF}
}

@Article{choudaryefficient,
  Title                    = {Efficient Stochastic Methods: Profiled Attacks Beyond 8 Bits},
  Author                   = {Choudary, Omar and Kuhn, Markus G},
  Journal                  = {{IACR} Cryptology ePrint Archive},
  Year                     = {2014},

  File                     = {:H\:\\Articles\\EffStochMeth_8bit_pca_lda.pdf:PDF},
  Url                      = {http://eprint.iacr.org/2014/885.pdf}
}

@InCollection{coron2007,
  Title                    = {Side Channel Cryptanalysis of a Higher Order Masking Scheme},
  Author                   = {Coron, Jean-S\'ebastien and Prouff, Emmanuel and Rivain, Matthieu},
  Booktitle                = {Cryptographic Hardware and Embedded Systems - CHES 2007},
  Publisher                = {Springer Berlin Heidelberg},
  Year                     = {2007},
  Editor                   = {Paillier, Pascal and Verbauwhede, Ingrid},
  Pages                    = {28-44},
  Series                   = {Lecture Notes in Computer Science},
  Volume                   = {4727},

  Doi                      = {10.1007/978-3-540-74735-2_3},
  File                     = {:Articles\\SCCryptanalisisHOmasking.pdf:PDF},
  ISBN                     = {978-3-540-74734-5},
  Keywords                 = {Side Channel Attacks; Differential Power Analysis; Higher Order DPA; Masking Scheme; Template Attacks},
  Language                 = {English},
  Owner                    = {EC243758},
  Timestamp                = {2014.11.04},
  Url                      = {http://dx.doi.org/10.1007/978-3-540-74735-2_3}
}

@Article{DurvauxSVMD14,
  Title                    = {Efficient Selection of Time Samples for Higher-Order {DPA} with Projection
 Pursuits},
  Author                   = {Fran{\c{c}}ois Durvaux and
 Fran{\c{c}}ois{-}Xavier Standaert and
 Nicolas Veyrat{-}Charvillon and
 Jean{-}Baptiste Mairy and
 Yves Deville},
  Journal                  = {{IACR} Cryptology ePrint Archive},
  Year                     = {2014},
  Pages                    = {412},
  Volume                   = {2014},

  Bibsource                = {dblp computer science bibliography, http://dblp.org},
  Biburl                   = {http://dblp.uni-trier.de/rec/bib/journals/iacr/DurvauxSVMD14},
  Comment                  = {octobre2014},
  File                     = {:Articles\\selectionTimeSamplesHODPAprojectionPursuits.pdf:PDF},
  Owner                    = {EC243758},
  Timestamp                = {Fri, 17 Oct 2014 14:38:31 +0200},
  Url                      = {http://eprint.iacr.org/2014/412}
}

@InCollection{disassembler,
  Title                    = {Building a Side Channel Based Disassembler},
  Author                   = {Eisenbarth, Thomas and Paar, Christof and Weghenkel, Bjorn},
  Booktitle                = {Transactions on Computational Science X},
  Publisher                = {Springer Berlin Heidelberg},
  Year                     = {2010},
  Editor                   = {Gavrilova, MarinaL. and Tan, C.J.Kenneth and Moreno, EdwardDavid},
  Pages                    = {78-99},
  Series                   = {Lecture Notes in Computer Science},
  Volume                   = {6340},

  Doi                      = {10.1007/978-3-642-17499-5_4},
  File                     = {:H\:\\Articles\\disassembler.pdf:PDF},
  ISBN                     = {978-3-642-17498-8},
  Language                 = {English},
  Owner                    = {EC243758},
  Timestamp                = {2015.04.28},
  Url                      = {http://dx.doi.org/10.1007/978-3-642-17499-5_4}
}

@Article{choosePointTemplate,
  Title                    = {How to Choose Interesting Points for Template
Attacks More Effectively?},
  Author                   = {Fan, Guangjun and Zhou, Yongbin and Zhang, Hailong and Feng, Dengguo},
  Journal                  = {{IACR} Cryptology ePrint Archive},
  Year                     = {2014},
  Pages                    = {864},
  Volume                   = {2014},

  Comment                  = {january2015},
  File                     = {:Articles\\choosePointsTemplate.pdf:PDF},
  Owner                    = {EC243758},
  Timestamp                = {2015.01.14},
  Url                      = {https://eprint.iacr.org/2014/864.pdf}
}

@Article{fisher1938statistical,
  Title                    = {The statistical utilization of multiple measurements},
  Author                   = {Fisher, Ronald A},
  Journal                  = {Annals of eugenics},
  Year                     = {1938},
  Number                   = {4},
  Pages                    = {376--386},
  Volume                   = {8},

  Publisher                = {Wiley Online Library}
}

@Article{Foldes20001,
  Title                    = {Disjunctive and conjunctive normal forms of pseudo-Boolean functions },
  Author                   = {Stephan Foldes and Peter L. Hammer},
  Journal                  = {Discrete Applied Mathematics },
  Year                     = {2000},
  Note                     = {\{SI\} Boolean Functions },
  Pages                    = {1 - 26},
  Volume                   = {107},

  Doi                      = {http://dx.doi.org/10.1016/S0166-218X(00)00276-6},
  File                     = {:Articles\\pseudoBooleanFunction_CNF.pdf:PDF},
  ISSN                     = {0166-218X},
  Owner                    = {EC243758},
  Timestamp                = {2014.10.24},
  Url                      = {http://www.sciencedirect.com/science/article/pii/S0166218X00002766}
}

@Book{Fukunaga,
  Title                    = {Introduction to Statistical Pattern Recognition (2Nd Ed.)},
  Author                   = {Fukunaga, Keinosuke},
  Publisher                = {Academic Press Professional, Inc.},
  Year                     = {1990},

  Address                  = {San Diego, CA, USA},

  ISBN                     = {0-12-269851-7}
}

@InCollection{Gebotys2005,
  Title                    = {EM Analysis of Rijndael and ECC on a Wireless Java-Based PDA},
  Author                   = {Gebotys, CatherineH. and Ho, Simon and Tiu, C.C.},
  Booktitle                = {Cryptographic Hardware and Embedded Systems CHES 2005},
  Publisher                = {Springer Berlin Heidelberg},
  Year                     = {2005},
  Editor                   = {Rao, JosyulaR. and Sunar, Berk},
  Pages                    = {250-264},
  Series                   = {Lecture Notes in Computer Science},
  Volume                   = {3659},

  Doi                      = {10.1007/11545262_19},
  File                     = {:Articles\\EManalysis.pdf:PDF},
  ISBN                     = {978-3-540-28474-1},
  Language                 = {English},
  Owner                    = {EC243758},
  Timestamp                = {2014.12.16},
  Url                      = {http://dx.doi.org/10.1007/11545262_19}
}

@Article{he2012side,
  Title                    = {Side Channel Cryptanalysis Using Machine Learning},
  Author                   = {He, Hera and Jaffe, Josh and Zou, Long},
  Year                     = {2012},

  File                     = {:H\:\\Articles\\HeJaffeZou-SideChannelCryptanalysisUsingMachineLearning.pdf:PDF}
}

@InCollection{intelligentMachineOmicide,
  Title                    = {Intelligent Machine Homicide},
  Author                   = {Heuser, Annelie and Zohner, Michael},
  Booktitle                = {Constructive Side-Channel Analysis and Secure Design},
  Publisher                = {Springer Berlin Heidelberg},
  Year                     = {2012},
  Editor                   = {Schindler, Werner and Huss, SorinA.},
  Pages                    = {249-264},
  Series                   = {Lecture Notes in Computer Science},
  Volume                   = {7275},

  Doi                      = {10.1007/978-3-642-29912-4_18},
  File                     = {:H\:\\Articles\\intelligentMachineOmicide.pdf:PDF},
  ISBN                     = {978-3-642-29911-7},
  Language                 = {English},
  Owner                    = {EC243758},
  Timestamp                = {2015.02.20},
  Url                      = {http://dx.doi.org/10.1007/978-3-642-29912-4_18}
}

@Article{raey,
  Title                    = {Machine learning in side-channel analysis: a first study},
  Author                   = {Hospodar, Gabriel and Gierlichs, Benedikt and De Mulder, Elke and Verbauwhede, Ingrid and Vandewalle, Joos},
  Journal                  = {Journal of Cryptographic Engineering},
  Year                     = {2011},
  Number                   = {4},
  Pages                    = {293-302},
  Volume                   = {1},

  Doi                      = {10.1007/s13389-011-0023-x},
  ISSN                     = {2190-8508},
  Keywords                 = {Power analysis; Side-channel analysis; Cryptography; Support vector machines; Machine learning},
  Language                 = {English},
  Owner                    = {EC243758},
  Publisher                = {Springer-Verlag},
  Timestamp                = {2015.02.20},
  Url                      = {http://dx.doi.org/10.1007/s13389-011-0023-x}
}

@InProceedings{huang,
  Title                    = {Solving the small sample size problem of LDA},
  Author                   = {Rui Huang and Qingshan Liu and Hanqing Lu and Songde Ma},
  Booktitle                = {Pattern Recognition, 2002. Proceedings. 16th International Conference on},
  Year                     = {2002},
  Pages                    = {29-32 vol.3},
  Volume                   = {3},

  Doi                      = {10.1109/ICPR.2002.1047787},
  File                     = {:H\:\\Articles\\huang.pdf:PDF},
  ISSN                     = {1051-4651},
  Keywords                 = {S-matrix theory;eigenvalues and eigenfunctions;face recognition;eigenvalues;eigenvectors;face recognition;linear discriminant analysis;pattern recognition;scattering matrix;singularity;small sample size problem;space;Automation;Covariance matrix;Face recognition;Image retrieval;Laboratories;Linear discriminant analysis;Null space;Pattern recognition;Scattering;Upper bound}
}

@Misc{kopf,
  Title                    = { An Information-Theoretic Model for Adaptive Side-Channel Attacks},

  Author                   = {Boris K\"opf and David Basin},
  Year                     = {2007},

  File                     = {:H\:\\Articles\\kopf.pdf:PDF}
}

@TechReport{karsmakers2009side,
  Title                    = {Side channel attacks on cryptographic devices as a classification problem},
  Author                   = {Karsmakers, Peter and Gierlichs, Benedikt and Pelckmans, Kristiaan and De Cock, Katrien and Suykens, Johan and Preneel, Bart and De Moor, Bart},
  Institution              = {COSIC technical report},
  Year                     = {2009},

  File                     = {:H\:\\Articles\\SCA_classification.pdf:PDF}
}

@InCollection{PCApractBiasing,
  Title                    = {Using Principal Component Analysis for Practical Biasing of Power Traces to Improve Power Analysis Attacks},
  Author                   = {Kim, Yongdae and Ko, Haengseok},
  Booktitle                = {Information Security and Cryptology -- ICISC 2013},
  Publisher                = {Springer International Publishing},
  Year                     = {2014},
  Editor                   = {Lee, Hyang-Sook and Han, Dong-Guk},
  Pages                    = {109-120},
  Series                   = {Lecture Notes in Computer Science},

  Doi                      = {10.1007/978-3-319-12160-4_7},
  File                     = {:H\:\\Articles\\PCAforPracticalBiasing.pdf:PDF},
  ISBN                     = {978-3-319-12159-8},
  Keywords                 = {Power analysis attack; Principal component analysis; Correlation power analysis; AES; DES},
  Language                 = {English},
  Owner                    = {EC243758},
  Timestamp                = {2014.11.14},
  Url                      = {http://dx.doi.org/10.1007/978-3-319-12160-4_7}
}

@InProceedings{kim2010biasing,
  Title                    = {Biasing power traces to improve correlation power analysis attacks},
  Author                   = {Kim, Yongdae and Sugawara, Takeshi and Homma, Naofumi and Aoki, Takafumi and Satoh, Akashi},
  Booktitle                = {First International Workshop on Constructive Side-Channel Analysis and Secure Design (COSADE 2010)},
  Year                     = {2010},
  Pages                    = {77--80},

  File                     = {:Articles\\biasingPowerTracesCPA.pdf:PDF},
  Owner                    = {EC243758},
  Timestamp                = {2014.11.14}
}

@InCollection{timeSerieApproach,
  Title                    = {A Time Series Approach for Profiling Attack},
  Author                   = {Lerman, Liran and Bontempi, Gianluca and Ben Taieb, Souhaib and Markowitch, Olivier},
  Booktitle                = {Security, Privacy, and Applied Cryptography Engineering},
  Publisher                = {Springer Berlin Heidelberg},
  Year                     = {2013},
  Editor                   = {Gierlichs, Benedikt and Guilley, Sylvain and Mukhopadhyay, Debdeep},
  Pages                    = {75-94},
  Series                   = {Lecture Notes in Computer Science},
  Volume                   = {8204},

  Doi                      = {10.1007/978-3-642-41224-0_7},
  File                     = {:H\:\\Articles\\timeSerieApproach.pdf:PDF},
  ISBN                     = {978-3-642-41223-3},
  Keywords                 = {side-channel attack; power analysis; machine learning; time series classification},
  Language                 = {English},
  Owner                    = {EC243758},
  Timestamp                = {2015.02.20},
  Url                      = {http://dx.doi.org/10.1007/978-3-642-41224-0_7}
}

@Article{lermanside,
  Title                    = {Side channel attack: an approach based on machine learning},
  Author                   = {Lerman, Liran and Bontempi, Gianluca and Markowitch, Olivier},

  File                     = {:H\:\\Articles\\SCAapproachMachineLearning.pdf:PDF}
}

@Article{liu1992generalized,
  Title                    = {A generalized optimal set of discriminant vectors},
  Author                   = {Liu, Ke and Cheng, Yong-Qing and Yang, Jing-Yu},
  Journal                  = {Pattern Recognition},
  Year                     = {1992},
  Number                   = {7},
  Pages                    = {731--739},
  Volume                   = {25},

  Publisher                = {Elsevier}
}

@InCollection{Lomne2014,
  Title                    = {How to Estimate the Success Rate of Higher-Order Side-ChannelÂ Attacks},
  Author                   = {Lomn\'e, Victor and Prouff, Emmanuel and Rivain, Matthieu and Roche, Thomas and Thillard, Adrian},
  Booktitle                = {Cryptographic Hardware and Embedded Systems CHES 2014},
  Publisher                = {Springer Berlin Heidelberg},
  Year                     = {2014},
  Editor                   = {Batina, Lejla and Robshaw, Matthew},
  Pages                    = {35-54},
  Series                   = {Lecture Notes in Computer Science},
  Volume                   = {8731},

  Doi                      = {10.1007/978-3-662-44709-3_3},
  File                     = {:Articles\\HowToEstimateSuccessRate2014.pdf:PDF},
  ISBN                     = {978-3-662-44708-6},
  Language                 = {English},
  Owner                    = {EC243758},
  Timestamp                = {2014.11.04},
  Url                      = {http://dx.doi.org/10.1007/978-3-662-44709-3_3}
}

@InProceedings{massey1994guessing,
  Title                    = {Guessing and entropy},
  Author                   = {Massey, James L},
  Booktitle                = {Information Theory, 1994. Proceedings., 1994 IEEE International Symposium on},
  Year                     = {1994},
  Organization             = {IEEE},
  Pages                    = {204}
}

@InCollection{Mather2013,
  Title                    = {Does My Device Leak Information? An a priori Statistical Power Analysis of Leakage Detection Tests},
  Author                   = {Mather, Luke and Oswald, Elisabeth and Bandenburg, Joe and W\'ojcik, Marcin},
  Booktitle                = {Advances in Cryptology - ASIACRYPT 2013},
  Publisher                = {Springer Berlin Heidelberg},
  Year                     = {2013},
  Editor                   = {Sako, Kazue and Sarkar, Palash},
  Pages                    = {486-505},
  Series                   = {Lecture Notes in Computer Science},
  Volume                   = {8269},

  Doi                      = {10.1007/978-3-642-42033-7_25},
  File                     = {:H\:\\Articles\\doesMyDevice.pdf:PDF},
  ISBN                     = {978-3-642-42032-0},
  Language                 = {English},
  Owner                    = {EC243758},
  Timestamp                = {2014.12.16},
  Url                      = {http://dx.doi.org/10.1007/978-3-642-42033-7_25}
}

@InCollection{SCAclassProbl,
  Title                    = {{PCA}, Eigenvector Localization and Clustering for Side-Channel Attacks on Cryptographic Hardware Devices},
  Author                   = {Mavroeidis, Dimitrios and Batina, Lejla and van Laarhoven, Twan and Marchiori, Elena},
  Booktitle                = {Machine Learning and Knowledge Discovery in Databases},
  Publisher                = {Springer Berlin Heidelberg},
  Year                     = {2012},
  Editor                   = {Flach, PeterA. and De Bie, Tijl and Cristianini, Nello},
  Pages                    = {253-268},
  Series                   = {Lecture Notes in Computer Science},
  Volume                   = {7523},

  Doi                      = {10.1007/978-3-642-33460-3_22},
  ISBN                     = {978-3-642-33459-7},
  Language                 = {English},
  Owner                    = {EC243758},
  Timestamp                = {2015.04.14},
  Url                      = {http://dx.doi.org/10.1007/978-3-642-33460-3_22}
}

@InCollection{MoradiCollision,
  Title                    = {Statistical Tools Flavor Side-Channel Collision Attacks},
  Author                   = {Moradi, Amir},
  Booktitle                = {Advances in Cryptology EUROCRYPT 2012},
  Publisher                = {Springer Berlin Heidelberg},
  Year                     = {2012},
  Editor                   = {Pointcheval, David and Johansson, Thomas},
  Pages                    = {428-445},
  Series                   = {Lecture Notes in Computer Science},
  Volume                   = {7237},

  Doi                      = {10.1007/978-3-642-29011-4_26},
  File                     = {:Articles\\StatToolsFlavorCollision.pdf:PDF},
  ISBN                     = {978-3-642-29010-7},
  Language                 = {English},
  Owner                    = {EC243758},
  Timestamp                = {2014.11.04},
  Url                      = {http://dx.doi.org/10.1007/978-3-642-29011-4_26}
}

@Article{DBLP:journals/jcss/NisanZ96,
  Title                    = {Randomness is Linear in Space},
  Author                   = {Noam Nisan and
 David Zuckerman},
  Journal                  = {J. Comput. Syst. Sci.},
  Year                     = {1996},
  Number                   = {1},
  Pages                    = {43--52},
  Volume                   = {52},

  Bibsource                = {dblp computer science bibliography, http://dblp.org},
  Biburl                   = {http://dblp.uni-trier.de/rec/bib/journals/jcss/NisanZ96},
  Doi                      = {10.1006/jcss.1996.0004},
  Timestamp                = {Tue, 05 Jul 2011 11:11:04 +0200},
  Url                      = {http://dx.doi.org/10.1006/jcss.1996.0004}
}

@InCollection{o2014chipwhisperer,
  Title                    = {ChipWhisperer: An open-source platform for hardware embedded security research},
  Author                   = {O'Flynn, Colin and Chen, Zhizhang David},
  Booktitle                = {Constructive Side-Channel Analysis and Secure Design},
  Publisher                = {Springer},
  Year                     = {2014},
  Pages                    = {243--260}
}

@InCollection{Oren2012,
  Title                    = {Algebraic Side-Channel Attacks Beyond the Hamming Weight Leakage Model},
  Author                   = {Oren, Yossef and Renauld, Mathieu and Standaert, Fran{\c{c}}ois{-}Xavier and Wool, Avishai},
  Booktitle                = {Cryptographic Hardware and Embedded Systems CHES 2012},
  Publisher                = {Springer Berlin Heidelberg},
  Year                     = {2012},
  Editor                   = {Prouff, Emmanuel and Schaumont, Patrick},
  Pages                    = {140-154},
  Series                   = {Lecture Notes in Computer Science},
  Volume                   = {7428},

  Doi                      = {10.1007/978-3-642-33027-8_9},
  File                     = {:H\:\\Articles\\ASCA_beyondHWmodel.pdf:PDF},
  ISBN                     = {978-3-642-33026-1},
  Language                 = {English},
  Owner                    = {EC243758},
  Timestamp                = {2014.10.31},
  Url                      = {http://dx.doi.org/10.1007/978-3-642-33027-8_9}
}

@InCollection{Oren2014,
  Title                    = {A New Framework for Constraint-Based Probabilistic Template Side Channel Attacks},
  Author                   = {Oren, Yossef and Weisse, Ofir and Wool, Avishai},
  Booktitle                = {Cryptographic Hardware and Embedded Systems CHES 2014},
  Publisher                = {Springer Berlin Heidelberg},
  Year                     = {2014},
  Editor                   = {Batina, Lejla and Robshaw, Matthew},
  Pages                    = {17-34},
  Series                   = {Lecture Notes in Computer Science},
  Volume                   = {8731},

  Doi                      = {10.1007/978-3-662-44709-3_2},
  File                     = {:Articles\\constraint_based_prob_template.pdf:PDF},
  ISBN                     = {978-3-662-44708-6},
  Keywords                 = {Constraint solvers; power analysis; template attacks},
  Language                 = {English},
  Owner                    = {EC243758},
  Timestamp                = {2014.10.22},
  Url                      = {http://dx.doi.org/10.1007/978-3-662-44709-3_2}
}

@InProceedings{Oren:2013,
  Title                    = {Practical Template-algebraic Side Channel Attacks with Extremely Low Data Complexity},
  Author                   = {Oren, Yossef and Weisse, Ofir and Wool, Avishai},
  Booktitle                = {Proceedings of the 2Nd International Workshop on Hardware and Architectural Support for Security and Privacy},
  Year                     = {2013},

  Address                  = {New York, NY, USA},
  Pages                    = {7:1--7:8},
  Publisher                = {ACM},
  Series                   = {HASP '13},

  Acmid                    = {2487733},
  Articleno                = {7},
  Doi                      = {10.1145/2487726.2487733},
  File                     = {:Articles\\PracticalTemplateAlgebraic.pdf:PDF},
  ISBN                     = {978-1-4503-2118-1},
  Keywords                 = {analysis of real attacks and threat evaluation, hardware side-channel exploits and modeling, smart-card security},
  Location                 = {Tel-Aviv, Israel},
  Numpages                 = {8},
  Owner                    = {EC243758},
  Timestamp                = {2014.10.27},
  Url                      = {http://doi.acm.org/10.1145/2487726.2487733}
}

@InCollection{Oswald2006,
  Title                    = {Practical Second-Order DPA Attacks for Masked Smart Card Implementations of Block Ciphers},
  Author                   = {Oswald, Elisabeth and Mangard, Stefan and Herbst, Christoph and Tillich, Stefan},
  Booktitle                = {Topics in Cryptology CT-RSA 2006},
  Publisher                = {Springer Berlin Heidelberg},
  Year                     = {2006},
  Editor                   = {Pointcheval, David},
  Pages                    = {192-207},
  Series                   = {Lecture Notes in Computer Science},
  Volume                   = {3860},

  Doi                      = {10.1007/11605805_13},
  File                     = {:H\:\\Articles\\practical2ODPA.pdf:PDF},
  ISBN                     = {978-3-540-31033-4},
  Language                 = {English},
  Owner                    = {EC243758},
  Timestamp                = {2014.12.16},
  Url                      = {http://dx.doi.org/10.1007/11605805_13}
}

@Article{DPAcontest,
  Title                    = {DPA Contest 4},
  Author                   = {TELECOM ParisTech},

  Url                      = {http://www.DPAcontest.org/v4/}
}

@Article{DBLP:journals/tc/ProuffRB09,
  Title                    = {Statistical Analysis of Second Order Differential Power Analysis},
  Author                   = {Emmanuel Prouff and
 Matthieu Rivain and
 R{\'{e}}gis Bevan},
  Journal                  = {{IEEE} Trans. Computers},
  Year                     = {2009},
  Number                   = {6},
  Pages                    = {799--811},
  Volume                   = {58},

  Bibsource                = {dblp computer science bibliography, http://dblp.org},
  Biburl                   = {http://dblp.uni-trier.de/rec/bib/journals/tc/ProuffRB09},
  Comment                  = {Septembre2013},
  Doi                      = {10.1109/TC.2009.15},
  File                     = {:Articles\\statSecondOrderAnalysis.pdf:PDF},
  Owner                    = {EC243758},
  Timestamp                = {Tue, 21 Oct 2014 10:48:03 +0200},
  Url                      = {http://doi.ieeecomputersociety.org/10.1109/TC.2009.15}
}

@InCollection{Rechberger2005,
  Title                    = {Practical Template Attacks},
  Author                   = {Rechberger, Christian and Oswald, Elisabeth},
  Booktitle                = {Information Security Applications},
  Publisher                = {Springer Berlin Heidelberg},
  Year                     = {2005},
  Editor                   = {Lim, ChaeHoon and Yung, Moti},
  Pages                    = {440-456},
  Series                   = {Lecture Notes in Computer Science},
  Volume                   = {3325},

  Doi                      = {10.1007/978-3-540-31815-6_35},
  File                     = {:H\:\\Articles\\practicalTemplateAttacks.pdf:PDF},
  ISBN                     = {978-3-540-24015-0},
  Keywords                 = {Side-Channel Analysis; Template Attack; DPA; DEMA},
  Language                 = {English},
  Owner                    = {EC243758},
  Timestamp                = {2014.12.16},
  Url                      = {http://dx.doi.org/10.1007/978-3-540-31815-6_35}
}

@Article{ASCA,
  Title                    = {Algebraic Side-Channel Attacks},
  Author                   = {Mathieu Renauld and
 Fran{\c{c}}ois{-}Xavier Standaert},
  Journal                  = {{IACR} Cryptology ePrint Archive},
  Year                     = {2009},
  Pages                    = {279},
  Volume                   = {2009},

  Comment                  = {octobre2014},
  File                     = {:Articles\\ASCA.pdf:PDF},
  Url                      = {https://eprint.iacr.org/2009/279.pdf}
}

@InCollection{Reparaz2012,
  Title                    = {Selecting Time Samples for Multivariate DPA Attacks},
  Author                   = {Reparaz, Oscar and Gierlichs, Benedikt and Verbauwhede, Ingrid},
  Booktitle                = {Cryptographic Hardware and Embedded Systems CHES 2012},
  Publisher                = {Springer Berlin Heidelberg},
  Year                     = {2012},
  Editor                   = {Prouff, Emmanuel and Schaumont, Patrick},
  Pages                    = {155-174},
  Series                   = {Lecture Notes in Computer Science},
  Volume                   = {7428},

  Doi                      = {10.1007/978-3-642-33027-8_10},
  File                     = {:H\:\\Articles\\selectingTimeSamples.pdf:PDF},
  ISBN                     = {978-3-642-33026-1},
  Keywords                 = {Time sample selection; multivariate side-channel attack; masking; reverse-engineering},
  Language                 = {English},
  Owner                    = {EC243758},
  Timestamp                = {2014.12.16},
  Url                      = {http://dx.doi.org/10.1007/978-3-642-33027-8_10}
}

@Article{Scholkopf98nonlinearcomponent,
  Title                    = {Nonlinear Component Analysis as a Kernel Eigenvalue Problem},
  Author                   = {Bernhard Schölkopf and Alexander Smola and Er Smola and Klaus-Robert Müller},
  Journal                  = {Neural Computation},
  Year                     = {1998},
  Pages                    = {1299--1319},
  Volume                   = {10},

  File                     = {:Articles\\KernelPCA_2.pdf:PDF},
  Owner                    = {EC243758},
  Timestamp                = {2015.02.10}
}

@Article{songerror,
  Title                    = {Error-Tolerant Algebraic Side-Channel Attacks Using BEE},
  Author                   = {Song, Ling and Hu, Lei and Sun, Siwei and Zhang, Zhang and Shi, Danping and Hao, Ronglin},
  Journal                  = {{IACR} Cryptology ePrint Archive},
  Year                     = {2014},
  Pages                    = {683},
  Volume                   = {2014},

  Comment                  = {octobre2014},
  File                     = {:Articles\\AlgebraicBEE.pdf:PDF},
  Url                      = {https://eprint.iacr.org/2014/683.pdf}
}

@InCollection{pcadistinguisher,
  Title                    = {First Principal Components Analysis: A New Side Channel Distinguisher},
  Author                   = {Souissi, Youssef and Nassar, Maxime and Guilley, Sylvain and Danger, Jean-Luc and Flament,Florent},
  Booktitle                = {Information Security and Cryptology - ICISC 2010},
  Publisher                = {Springer Berlin Heidelberg},
  Year                     = {2011},
  Editor                   = {Rhee, Kyung-Hyune and Nyang, DaeHun},
  Pages                    = {407-419},
  Series                   = {Lecture Notes in Computer Science},
  Volume                   = {6829},

  Doi                      = {10.1007/978-3-642-24209-0_27},
  ISBN                     = {978-3-642-24208-3},
  Keywords                 = {Principal Component Analysis (PCA); Data Encryption Standard (DES); Side Channel Attacks (DoM; DPA; CPA; VPA); Masking countermeasures}
}

@InCollection{Standaert2008,
  Title                    = {Using Subspace-Based Template Attacks to Compare and Combine Power and Electromagnetic Information Leakages},
  Author                   = {Standaert, Fran\c{c}ois-Xavier and Archambeau, Cedric},
  Booktitle                = {Cryptographic Hardware and Embedded Systems CHES 2008},
  Publisher                = {Springer Berlin Heidelberg},
  Year                     = {2008},
  Editor                   = {Oswald, Elisabeth and Rohatgi, Pankaj},
  Pages                    = {411-425},
  Series                   = {Lecture Notes in Computer Science},
  Volume                   = {5154},

  Doi                      = {10.1007/978-3-540-85053-3_26},
  File                     = {:Articles\\subspaceTemplate.pdf:PDF},
  ISBN                     = {978-3-540-85052-6},
  Language                 = {English},
  Owner                    = {EC243758},
  Timestamp                = {2014.10.24},
  Url                      = {http://dx.doi.org/10.1007/978-3-540-85053-3_26}
}

@InCollection{unifiedFramework,
  Title                    = {A Unified Framework for the Analysis of Side-Channel Key Recovery Attacks},
  Author                   = {Standaert, Fran{\c{c}}ois-Xavier and Malkin, TalG. and Yung, Moti},
  Booktitle                = {Advances in Cryptology - EUROCRYPT 2009},
  Publisher                = {Springer Berlin Heidelberg},
  Year                     = {2009},
  Editor                   = {Joux, Antoine},
  Pages                    = {443-461},
  Series                   = {Lecture Notes in Computer Science},
  Volume                   = {5479},

  Doi                      = {10.1007/978-3-642-01001-9_26},
  ISBN                     = {978-3-642-01000-2},
  Language                 = {English},
  Owner                    = {EC243758},
  Timestamp                = {2015.06.15},
  Url                      = {http://dx.doi.org/10.1007/978-3-642-01001-9_26}
}

@Article{soft,
  Title                    = {Soft Analytical Side-Channel Attacks},
  Author                   = {Nicolas Veyrat{-}Charvillon and Benoit G\'erard and
 Fran{\c{c}}ois{-}Xavier Standaert},
  Journal                  = {{IACR} Cryptology ePrint Archive},
  Year                     = {2014},
  Pages                    = {410},
  Volume                   = {2014},

  Comment                  = {octobre2014},
  File                     = {:Articles\\SoftAnalitycalSCA.pdf:PDF},
  Url                      = {https://eprint.iacr.org/2014/410.pdf}
}

@InCollection{adaptive,
  Title                    = {Adaptive Chosen-Message Side-Channel Attacks},
  Author                   = {Veyrat-Charvillon, Nicolas and Standaert, Fran\c{c}ois-Xavier},
  Booktitle                = {Applied Cryptography and Network Security},
  Publisher                = {Springer Berlin Heidelberg},
  Year                     = {2010},
  Editor                   = {Zhou, Jianying and Yung, Moti},
  Pages                    = {186-199},
  Series                   = {Lecture Notes in Computer Science},
  Volume                   = {6123},

  Doi                      = {10.1007/978-3-642-13708-2_12},
  File                     = {:H\:\\Articles\\AdaptiveChosenMessage.pdf:PDF},
  ISBN                     = {978-3-642-13707-5},
  Language                 = {English},
  Owner                    = {EC243758},
  Timestamp                = {2014.11.05},
  Url                      = {http://dx.doi.org/10.1007/978-3-642-13708-2_12}
}

@InCollection{Waddle2004,
  Title                    = {Towards Efficient Second-Order Power Analysis},
  Author                   = {Waddle, Jason and Wagner, David},
  Booktitle                = {Cryptographic Hardware and Embedded Systems - CHES 2004},
  Publisher                = {Springer Berlin Heidelberg},
  Year                     = {2004},
  Editor                   = {Joye, Marc and Quisquater, Jean-Jacques},
  Pages                    = {1-15},
  Series                   = {Lecture Notes in Computer Science},
  Volume                   = {3156},

  Doi                      = {10.1007/978-3-540-28632-5_1},
  File                     = {:H\:\\Articles\\towardsEfficientSecondOrder.pdf:PDF},
  ISBN                     = {978-3-540-22666-6},
  Language                 = {English},
  Owner                    = {EC243758},
  Timestamp                = {2014.12.16},
  Url                      = {http://dx.doi.org/10.1007/978-3-540-28632-5_1}
}

@Article{Yu01adirect,
  Title                    = {A direct {LDA} algorithm for high-dimensional data with application to face recognition},
  Author                   = {Hua Yu and Jie Yang},
  Journal                  = {Pattern Recognition},
  Year                     = {2001},
  Pages                    = {2067--2070},
  Volume                   = {34},

  File                     = {:H\:\\Articles\\directLDA.pdf:PDF}
}

